@Misc{Fourier,
	howpublished = {\url{https://en.wikipedia.org/wiki/Fourier%E2%80%93Motzkin_elimination}},
	note = {Retrieved Jan 13rd, 2018},
	title = {Fourierâ€“Motzkin elimination},
	year = {2018},
	author = {Wikipedia},
},

@Misc{ILP,
	howpublished = {\url{https://en.wikipedia.org/wiki/Integer_programming}},
	note = {Retrieved Jan 13rd, 2018},
	title = {Integer Programming},
	year = {2018},
	author = {Wikipedia},
}

@Misc{EXP,
	howpublished = {\url{http://mathscinet.ams.org/mathscinet-getitem?mr=0332165}},
	note = {Retrieved Jan 13rd, 2018},
	title = {Worst Case for Simplex Method},
	year = {1972},
	author = {Klee, Victor and Minty, George J.},
}
